%YAML 1.1
%TAG !u! tag:unity3d.com,2011:
--- !u!1 &102866
GameObject:
  m_ObjectHideFlags: 0
  m_PrefabParentObject: {fileID: 0}
  m_PrefabInternal: {fileID: 100100000}
  serializedVersion: 4
  m_Component:
  - 4: {fileID: 412692}
  - 114: {fileID: 11461856}
  - 114: {fileID: 11453184}
  - 114: {fileID: 11404256}
  m_Layer: 0
  m_Name: WaveCenterShooter
  m_TagString: Untagged
  m_Icon: {fileID: 0}
  m_NavMeshLayer: 0
  m_StaticEditorFlags: 0
  m_IsActive: 1
--- !u!4 &412692
Transform:
  m_ObjectHideFlags: 1
  m_PrefabParentObject: {fileID: 0}
  m_PrefabInternal: {fileID: 100100000}
  m_GameObject: {fileID: 102866}
  m_LocalRotation: {x: 0, y: 0, z: 0, w: 1}
  m_LocalPosition: {x: 0, y: 0, z: 0}
  m_LocalScale: {x: 1, y: 1, z: 1}
  m_Children: []
  m_Father: {fileID: 0}
  m_RootOrder: 0
--- !u!114 &11404256
MonoBehaviour:
  m_ObjectHideFlags: 1
  m_PrefabParentObject: {fileID: 0}
  m_PrefabInternal: {fileID: 100100000}
  m_GameObject: {fileID: 102866}
  m_Enabled: 1
  m_EditorHideFlags: 0
  m_Script: {fileID: 11500000, guid: 556c05e90e379ac43ae401e11c28626b, type: 3}
  m_Name: 
  m_EditorClassIdentifier: 
  fireRate: 0.08
  executeRate: 0.6
  delay: 0
  closer: 0
  bulletToSpawn: {fileID: 158320, guid: b0bd5d41d6fdd7045b4ed68140d9cc8b, type: 2}
  startDirection: {x: 2, y: -4}
  finishDirection: {x: 4, y: -3}
  rotationcurve:
    serializedVersion: 2
    m_Curve:
    - time: 0
      value: 0
      inSlope: 0
      outSlope: 0
      tangentMode: 0
    - time: 0.5
      value: 1
      inSlope: 0
      outSlope: 0
      tangentMode: 0
    - time: 1
      value: 0
      inSlope: 0.010553479
      outSlope: 0.010553479
      tangentMode: 0
    - time: 1.5
      value: 1
      inSlope: 0.007527542
      outSlope: 0.007527542
      tangentMode: 0
    - time: 2
      value: 0
      inSlope: 0
      outSlope: 0
      tangentMode: 0
    m_PreInfinity: 2
    m_PostInfinity: 2
    m_RotationOrder: 0
--- !u!114 &11453184
MonoBehaviour:
  m_ObjectHideFlags: 1
  m_PrefabParentObject: {fileID: 0}
  m_PrefabInternal: {fileID: 100100000}
  m_GameObject: {fileID: 102866}
  m_Enabled: 1
  m_EditorHideFlags: 0
  m_Script: {fileID: 11500000, guid: 556c05e90e379ac43ae401e11c28626b, type: 3}
  m_Name: 
  m_EditorClassIdentifier: 
  fireRate: 0.08
  executeRate: 0.6
  delay: 0
  closer: 0
  bulletToSpawn: {fileID: 158320, guid: b0bd5d41d6fdd7045b4ed68140d9cc8b, type: 2}
  startDirection: {x: -1, y: -5}
  finishDirection: {x: 1, y: -5}
  rotationcurve:
    serializedVersion: 2
    m_Curve:
    - time: 0
      value: 0
      inSlope: 0
      outSlope: 0
      tangentMode: 0
    - time: 0.5
      value: 1
      inSlope: 0
      outSlope: 0
      tangentMode: 0
    - time: 1
      value: 0
      inSlope: 0.010553479
      outSlope: 0.010553479
      tangentMode: 0
    - time: 1.5
      value: 1
      inSlope: 0.007527542
      outSlope: 0.007527542
      tangentMode: 0
    - time: 2
      value: 0
      inSlope: 0
      outSlope: 0
      tangentMode: 0
    m_PreInfinity: 2
    m_PostInfinity: 2
    m_RotationOrder: 0
--- !u!114 &11461856
MonoBehaviour:
  m_ObjectHideFlags: 1
  m_PrefabParentObject: {fileID: 0}
  m_PrefabInternal: {fileID: 100100000}
  m_GameObject: {fileID: 102866}
  m_Enabled: 1
  m_EditorHideFlags: 0
  m_Script: {fileID: 11500000, guid: 556c05e90e379ac43ae401e11c28626b, type: 3}
  m_Name: 
  m_EditorClassIdentifier: 
  fireRate: 0.08
  executeRate: 0.6
  delay: 0
  closer: 1
  bulletToSpawn: {fileID: 158320, guid: b0bd5d41d6fdd7045b4ed68140d9cc8b, type: 2}
  startDirection: {x: -4, y: -3}
  finishDirection: {x: -2, y: -4}
  rotationcurve:
    serializedVersion: 2
    m_Curve:
    - time: 0
      value: 0
      inSlope: 0
      outSlope: 0
      tangentMode: 0
    - time: 0.5
      value: 1
      inSlope: 0
      outSlope: 0
      tangentMode: 0
    - time: 1
      value: 0
      inSlope: 0.010553479
      outSlope: 0.010553479
      tangentMode: 0
    - time: 1.5
      value: 1
      inSlope: 0.007527542
      outSlope: 0.007527542
      tangentMode: 0
    - time: 2
      value: 0
      inSlope: 0
      outSlope: 0
      tangentMode: 0
    m_PreInfinity: 2
    m_PostInfinity: 2
    m_RotationOrder: 0
--- !u!1001 &100100000
Prefab:
  m_ObjectHideFlags: 1
  serializedVersion: 2
  m_Modification:
    m_TransformParent: {fileID: 0}
    m_Modifications:
    - target: {fileID: 0}
      propertyPath: rotationcurve.m_Curve.Array.size
      value: 5
      objectReference: {fileID: 0}
    - target: {fileID: 0}
      propertyPath: fireRate
      value: 0.08
      objectReference: {fileID: 0}
    - target: {fileID: 0}
      propertyPath: m_IsActive
      value: 1
      objectReference: {fileID: 0}
    - target: {fileID: 0}
      propertyPath: rotationcurve.m_Curve.Array.data[0].inSlope
      value: 0
      objectReference: {fileID: 0}
    - target: {fileID: 0}
      propertyPath: rotationcurve.m_Curve.Array.data[0].outSlope
      value: 0
      objectReference: {fileID: 0}
    - target: {fileID: 0}
      propertyPath: rotationcurve.m_Curve.Array.data[1].time
      value: 0.5
      objectReference: {fileID: 0}
    - target: {fileID: 0}
      propertyPath: rotationcurve.m_Curve.Array.data[1].inSlope
      value: 0
      objectReference: {fileID: 0}
    - target: {fileID: 0}
      propertyPath: rotationcurve.m_Curve.Array.data[1].outSlope
      value: 0
      objectReference: {fileID: 0}
    - target: {fileID: 0}
      propertyPath: rotationcurve.m_Curve.Array.data[1].value
      value: 1
      objectReference: {fileID: 0}
    - target: {fileID: 0}
      propertyPath: rotationcurve.m_Curve.Array.data[0].value
      value: 0
      objectReference: {fileID: 0}
    - target: {fileID: 0}
      propertyPath: rotationcurve.m_Curve.Array.data[2].value
      value: 0
      objectReference: {fileID: 0}
    - target: {fileID: 0}
      propertyPath: rotationcurve.m_Curve.Array.data[3].value
      value: 1
      objectReference: {fileID: 0}
    - target: {fileID: 0}
      propertyPath: rotationcurve.m_Curve.Array.data[4].value
      value: 0
      objectReference: {fileID: 0}
    - target: {fileID: 0}
      propertyPath: rotationcurve.m_Curve.Array.data[2].inSlope
      value: 0.010553479
      objectReference: {fileID: 0}
    - target: {fileID: 0}
      propertyPath: rotationcurve.m_Curve.Array.data[2].outSlope
      value: 0.010553479
      objectReference: {fileID: 0}
    - target: {fileID: 0}
      propertyPath: rotationcurve.m_Curve.Array.data[3].inSlope
      value: 0.007527542
      objectReference: {fileID: 0}
    - target: {fileID: 0}
      propertyPath: rotationcurve.m_Curve.Array.data[3].outSlope
      value: 0.007527542
      objectReference: {fileID: 0}
    - target: {fileID: 0}
      propertyPath: rotationcurve.m_Curve.Array.data[4].time
      value: 2
      objectReference: {fileID: 0}
    - target: {fileID: 0}
      propertyPath: rotationcurve.m_Curve.Array.data[4].inSlope
      value: 0
      objectReference: {fileID: 0}
    - target: {fileID: 0}
      propertyPath: rotationcurve.m_Curve.Array.data[4].outSlope
      value: 0
      objectReference: {fileID: 0}
    - target: {fileID: 0}
      propertyPath: rotationcurve.m_Curve.Array.data[2].time
      value: 1
      objectReference: {fileID: 0}
    - target: {fileID: 0}
      propertyPath: rotationcurve.m_Curve.Array.data[3].time
      value: 1.5
      objectReference: {fileID: 0}
    - target: {fileID: 0}
      propertyPath: rotationcurve.m_Curve.Array.data[0].time
      value: 0
      objectReference: {fileID: 0}
    - target: {fileID: 0}
      propertyPath: rotationcurve.m_Curve.Array.data[0].tangentMode
      value: 0
      objectReference: {fileID: 0}
    - target: {fileID: 0}
      propertyPath: rotationcurve.m_Curve.Array.data[1].tangentMode
      value: 0
      objectReference: {fileID: 0}
    - target: {fileID: 0}
      propertyPath: rotationcurve.m_Curve.Array.data[2].tangentMode
      value: 10
      objectReference: {fileID: 0}
    - target: {fileID: 0}
      propertyPath: rotationcurve.m_Curve.Array.data[3].tangentMode
      value: 10
      objectReference: {fileID: 0}
    - target: {fileID: 0}
      propertyPath: rotationcurve.m_Curve.Array.data[4].tangentMode
      value: 10
      objectReference: {fileID: 0}
    - target: {fileID: 0}
      propertyPath: startDirection.y
      value: -4
      objectReference: {fileID: 0}
    - target: {fileID: 0}
      propertyPath: finishDirection.y
      value: -4
      objectReference: {fileID: 0}
    - target: {fileID: 0}
      propertyPath: bulletToSpawn
      value: 
      objectReference: {fileID: 158320, guid: b0bd5d41d6fdd7045b4ed68140d9cc8b, type: 2}
    - target: {fileID: 0}
      propertyPath: finishDirection.x
      value: -2
      objectReference: {fileID: 0}
    - target: {fileID: 0}
      propertyPath: startDirection.x
      value: 2
      objectReference: {fileID: 0}
    - target: {fileID: 0}
      propertyPath: rotationcurve.m_PostInfinity
      value: 2
      objectReference: {fileID: 0}
    - target: {fileID: 0}
      propertyPath: executeRate
      value: 0.6
      objectReference: {fileID: 0}
    - target: {fileID: 0}
      propertyPath: closer
      value: 1
      objectReference: {fileID: 0}
    m_RemovedComponents: []
  m_ParentPrefab: {fileID: 0}
  m_RootGameObject: {fileID: 102866}
  m_IsPrefabParent: 1
